<?xml version="1.0" encoding="UTF-8"?>
<record xmlns="http://www.loc.gov/MARC21/slim" xmlns:xsi="http://www.w3.org/2001/XMLSchema-instance" xsi:schemaLocation="http://www.loc.gov/MARC21/slim http://www.loc.gov/standards/marcxml/schema/MARC21slim.xsd">
<leader>     cam a22002175  4500</leader>
<controlfield tag="001">001677094</controlfield>
<controlfield tag="003">NNU</controlfield>
<controlfield tag="005">20001218194842.0</controlfield>
<controlfield tag="008">940603s1936    ua            000 0 ara d</controlfield>
<datafield tag="035" ind1="9" ind2=" ">
<subfield code="a">NYUb12220469</subfield>
</datafield>
<datafield tag="035" ind1=" " ind2=" ">
<subfield code="a">(MNU)notisAQB8502</subfield>
</datafield>
<datafield tag="035" ind1=" " ind2=" ">
<subfield code="a">(CStRLIN)MNUGAQB8502-B</subfield>
</datafield>
<datafield tag="040" ind1=" " ind2=" ">
<subfield code="a">MnU</subfield>
<subfield code="c">MnU</subfield>
</datafield>
<datafield tag="100" ind1="1" ind2=" ">
<subfield code="a">Sulaymān, Muḥammad,</subfield>
<subfield code="d">d. 1936 or 7.</subfield>
</datafield>
<datafield tag="240" ind1="1" ind2="0">
<subfield code="a">Ḥadath al-aḥdāth fī al-Islām</subfield>
</datafield>
<datafield tag="245" ind1="1" ind2="0">
<subfield code="a">Kitāb Ḥadath al-aḥdāth fī al-Islām :</subfield>
<subfield code="b">al-iqdām ʻalá tarjamat al-Qurʼān /</subfield>
<subfield code="c">bi-qalam Muḥammad Sulaymān.</subfield>
</datafield>
<datafield tag="260" ind1=" " ind2=" ">
<subfield code="a">al-Qāhirah :</subfield>
<subfield code="b">Maṭbaʻat Jarīdat Miṣr al-Ḥurrah,</subfield>
<subfield code="c">1355 [1936]</subfield>
</datafield>
<datafield tag="300" ind1=" " ind2=" ">
<subfield code="a">208 p. ;</subfield>
<subfield code="c">19 cm.</subfield>
</datafield>
<datafield tag="630" ind1="0" ind2="0">
<subfield code="a">Koran</subfield>
<subfield code="x">Criticism, interpretation, etc.</subfield>
</datafield>
<datafield tag="OWN" ind1=" " ind2=" ">
<subfield code="a">GENERAL</subfield>
</datafield>
<datafield tag="950" ind1=" " ind2=" ">
<subfield code="l">BMAIN</subfield>
<subfield code="a">BP131.14</subfield>
<subfield code="b">.S8</subfield>
</datafield>
<datafield tag="955" ind1=" " ind2=" ">
<subfield code="l">BMAIN</subfield>
<subfield code="c">1</subfield>
<subfield code="r">027717449</subfield>
</datafield>
<datafield tag="998" ind1=" " ind2=" ">
<subfield code="s">9115</subfield>
</datafield>
<datafield tag="AVA" ind1=" " ind2=" ">
<subfield code="a">NYU50</subfield>
<subfield code="b">BOBST</subfield>
<subfield code="c">Main Collection</subfield>
<subfield code="d">BP131.14 .S8</subfield>
<subfield code="e">unavailable</subfield>
<subfield code="t">Unavailable</subfield>
<subfield code="f">1</subfield>
<subfield code="g">1</subfield>
<subfield code="h">N</subfield>
<subfield code="i">0</subfield>
<subfield code="j">MAIN</subfield>
<subfield code="k">0</subfield>
</datafield>
</record>
